<?xml version="1.0" encoding="UTF-8"?><record xmlns="http://www.loc.gov/MARC21/slim" xmlns:cinclude="http://apache.org/cocoon/include/1.0" xmlns:zs="http://www.loc.gov/zing/srw/">
  <leader>00489cz  a2200157n  4500</leader>
  <controlfield tag="001">no 99045792 </controlfield>
  <controlfield tag="003">DLC</controlfield>
  <controlfield tag="005">19990714050841.9</controlfield>
  <controlfield tag="008">990628n| acannaab           |a aaa      </controlfield>
  <datafield tag="010" ind1=" " ind2=" ">
    <subfield code="a">no 99045792 </subfield>
  </datafield>
  <datafield tag="035" ind1=" " ind2=" ">
    <subfield code="a">(OCoLC)oca05015542 </subfield>
  </datafield>
  <datafield tag="040" ind1=" " ind2=" ">
    <subfield code="a">DLC-ON</subfield>
    <subfield code="c">DLC-ON</subfield>
  </datafield>
  <datafield tag="100" ind1="1" ind2="0">
    <subfield code="a">Kapūra, Mastarāma,</subfield>
    <subfield code="d">1924-</subfield>
    <subfield code="t">Short stories</subfield>
  </datafield>
  <datafield tag="400" ind1="1" ind2="0">
    <subfield code="a">Kapūra, Mastarāma,</subfield>
    <subfield code="d">1924-</subfield>
    <subfield code="t">Merī kathā-yātrā</subfield>
  </datafield>
  <datafield tag="400" ind1="1" ind2="0">
    <subfield code="a">Kapūra, Mastarāma,</subfield>
    <subfield code="d">1924-</subfield>
    <subfield code="t">Kathā-yātra</subfield>
  </datafield>
  <datafield tag="670" ind1=" " ind2=" ">
    <subfield code="a">Merī kathā-yātrā, 1998.</subfield>
  </datafield>
</record>